<?xml version="1.0" encoding="UTF-8"?><collection xmlns="http://www.loc.gov/MARC21/slim"><record><leader>00489nam--2200181-i-4500</leader><controlfield tag="001">000020773</controlfield><controlfield tag="002">20161230</controlfield><controlfield tag="005">20161230201033</controlfield><controlfield tag="008">060222s1000------------r-----000-0-rus-d</controlfield><datafield ind1=" " ind2=" " tag="040"><subfield code="a">IFIN-HH</subfield></datafield><datafield ind1=" " ind2=" " tag="041"><subfield code="a">rus</subfield></datafield><datafield ind1=" " ind2=" " tag="080"><subfield code="a">539.143.43(084.4)</subfield></datafield><datafield ind1="1" ind2=" " tag="100"><subfield code="a">Samitov, Yu.Yu</subfield></datafield><datafield ind1="1" ind2="0" tag="245"><subfield code="a">Atlas spektrov iamr prostranstvennih izomerov</subfield><subfield code="b">Tom i</subfield><subfield code="c">Yu.yu. samitov</subfield></datafield><datafield ind1=" " ind2=" " tag="260"><subfield code="a">Kazan</subfield><subfield code="b">Kazanskogo Universiteta</subfield><subfield code="c">1978</subfield></datafield><datafield ind1=" " ind2=" " tag="300"><subfield code="a">203P</subfield></datafield><datafield ind1=" " ind2=" " tag="852"><subfield code="a">47202</subfield><subfield code="c">539.143.43</subfield></datafield><datafield ind1=" " ind2=" " tag="CAT"><subfield code="a">Sys</subfield><subfield code="c">20120510</subfield><subfield code="h">160805</subfield></datafield></record></collection>